<record><leader>00000cas a22000007a 4500</leader><controlfield tag="001">12487623</controlfield><controlfield tag="008">850904d18701871iaudn ne      0    0eng d</controlfield><datafield ind1=" " ind2=" " tag="010"><subfield code="a">sn 85049762 </subfield></datafield><datafield ind1=" " ind2=" " tag="040"><subfield code="a">INP</subfield><subfield code="b">eng</subfield><subfield code="c">INP</subfield><subfield code="d">NVF</subfield><subfield code="d">OCLCQ</subfield></datafield><datafield ind1=" " ind2=" " tag="042"><subfield code="a">msc</subfield></datafield><datafield ind1="0" ind2=" " tag="130"><subfield code="a">Daily observer (Cedar Rapids, Iowa)</subfield></datafield><datafield ind1="1" ind2="4" tag="245"><subfield code="a">The daily observer.</subfield></datafield><datafield ind1=" " ind2=" " tag="260"><subfield code="a">Cedar Rapids, Iowa :</subfield><subfield code="b">T.G. Newman,</subfield><subfield code="c">1870-1871.</subfield></datafield><datafield ind1=" " ind2=" " tag="300"><subfield code="a">1 v.</subfield></datafield><datafield ind1=" " ind2=" " tag="310"><subfield code="a">Daily (except Sunday)</subfield></datafield><datafield ind1="0" ind2=" " tag="362"><subfield code="a">Vol. 1, no. 58 (Nov. 7, 1870)-v. 1, no. 124 (Jan. 26, 1871).</subfield></datafield><datafield ind1=" " ind2=" " tag="500"><subfield code="a">Originally edited by: Thomas G. Newman.</subfield></datafield><datafield ind1=" " ind2=" " tag="525"><subfield code="a">Supplement called: Cedar Rapids daily observer Sunday supplement issued Jan. 8-Jan. 26, 1871.</subfield></datafield><datafield ind1=" " ind2=" " tag="752"><subfield code="a">United States</subfield><subfield code="b">Iowa</subfield><subfield code="c">Linn</subfield><subfield code="d">Cedar Rapids.</subfield></datafield><datafield ind1="0" ind2="0" tag="780"><subfield code="t">Morning observer</subfield><subfield code="w">(DLC)sn 85049761</subfield></datafield><datafield ind1="0" ind2="0" tag="785"><subfield code="t">Cedar Rapids daily observer</subfield><subfield code="w">(DLC)sn 85049763</subfield></datafield></record>